<?xml version="1.0" encoding="UTF-8"?><collection xmlns="http://www.loc.gov/MARC21/slim"><record><leader>00299nam--2200121-i-4500</leader><controlfield tag="001">000042065</controlfield><controlfield tag="002">20161230</controlfield><controlfield tag="005">20161230201043</controlfield><controlfield tag="008">060222s1000------------r-----000-0-eng-d</controlfield><datafield ind1=" " ind2=" " tag="100"><subfield code="a">Socevanov,V.G</subfield></datafield><datafield ind1=" " ind2=" " tag="245"><subfield code="a">Elemente galvanice</subfield></datafield><datafield ind1=" " ind2=" " tag="260"><subfield code="a">Bucuresti, Edit.Energetica De Stat, 1953. 199 P</subfield></datafield><datafield ind1=" " ind2=" " tag="852"><subfield code="a">2364</subfield></datafield></record></collection>